<?xml version="1.0" encoding="UTF-8"?><collection xmlns="http://www.loc.gov/MARC21/slim"><record><leader>00615nam--2200205-u-4500</leader><controlfield tag="001">000053165</controlfield><controlfield tag="002">20161230</controlfield><controlfield tag="005">20161230201051</controlfield><controlfield tag="008">110110s1000------------r-----000-0-eng-d</controlfield><datafield ind1=" " ind2=" " tag="020"><subfield code="a">0198517335</subfield></datafield><datafield ind1=" " ind2=" " tag="040"><subfield code="a">IFIN-HH</subfield></datafield><datafield ind1=" " ind2=" " tag="080"><subfield code="a">539.142.3:539.143.4</subfield></datafield><datafield ind1="1" ind2=" " tag="100"><subfield code="a">Harakeh, M.N</subfield></datafield><datafield ind1="1" ind2="0" tag="245"><subfield code="a">Giant resonance</subfield><subfield code="b">Fundamental high-frequencymodels of nuclear excitation</subfield><subfield code="h">M.n. harakeh; a. van der woude</subfield></datafield><datafield ind1=" " ind2=" " tag="260"><subfield code="a">Oxford</subfield><subfield code="b">Calderon Press</subfield><subfield code="c">2001</subfield></datafield><datafield ind1=" " ind2=" " tag="300"><subfield code="a">638P</subfield></datafield><datafield ind1=" " ind2=" " tag="490"><subfield code="a">Oxford Studies In Nuclear Physics</subfield><subfield code="v">Vol. 24</subfield></datafield><datafield ind1="1" ind2=" " tag="700"><subfield code="a">Woude, A Van Der</subfield></datafield><datafield ind1=" " ind2=" " tag="852"><subfield code="a">81381</subfield><subfield code="c">539.143.43</subfield></datafield><datafield ind1=" " ind2=" " tag="CAT"><subfield code="a">Sys</subfield><subfield code="c">20110110</subfield><subfield code="h">135545</subfield></datafield></record></collection>